%               Friday 23 November 2012 
%               Última versión de bibliografía. Contiene las referencias de llcomp-papers y tesis.Ruymán
%               Aigaion2 BibTeX export from A Web Based Annotated Bibliography All publications
%               Fichero exportado de aigaion y luego ordenado con bibtool
%               La versión más reciente de la bibliografía debería ser la de aigaion:
%               http://zion.pcg.ull.es/~rreyes/aigaion2/index.php/publications

BibTeX file
note            BibTeX-file
                Para ordenar ficheros bibtex con bibliografía, usar:
  
                bibtool -r /home/sande/bin/sande_bibtool.rsc -i entrada.bib -s -v -o salida.bib
  
                El fichero sande_bibtool.rsc está en /home/sande/bin/sande_bibtool.rsc
author          F. de Sande, fsande AT ull.es,
version         1.00,
date            23 April 2003,
filename        /home/sande/BIBLIOGRAFIA.bib,
address         Departamento de EIO y Computación
                Universidad de La Laguna
                38271 La Laguna, S/C de Tenerife,
                Canary Islands,
                Spain,
telephone       +34 922 318178,
FAX             +34 922 318170,
URL             http://webpages.ull.es/users/fsande,
keywords        bibliography, BibTeX, Parallel, OpenMP, MPI, Internet, Linux,,
Last update     2008/04/29 Ignorar comentarios, pretty printing
vim:ts=2:sw=2:expandtab:tw=80:fo=tcroq
vim:set fileencoding=utf8:set nu
====================================================================

% Referencias sobre el tema del TFG

@Misc{URL::HeCBench,
    key = {{HeCBench}},
    title = {{HeCBench}},
    url = {https://github.com/zjin-lcf/HeCBench/},
    author = {{Zheming Jin}},
    note = {\url{https://github.com/zjin-lcf/HeCBench/} [Electronically Available. Accessed April 2024]},
}

@Misc{URL::Matplotlib,
    key = {{Matplotlib}},
    title = {{Matplotlib}},
    url = {https://matplotlib.org},
    author = {{The Matplotlib development team}},
    note = {\url{https://matplotlib.org} [Electronically Available. Accessed April 2024]},
}

@INPROCEEDINGS{Lee:2010:OpenMPC,
  author={Lee, Seyong and Eigenmann, Rudolf},
  booktitle={{SC '10: Proceedings of the 2010 ACM/IEEE International Conference for High Performance Computing, Networking, Storage and Analysis}}, 
  title={{OpenMPC: Extended OpenMP Programming and Tuning for GPUs}}, 
  year={2010},
  volume={},
  number={},
  pages={1-11},
  doi={10.1109/SC.2010.36}}


@Misc{URL::GCAP,
    key = {{Grupo de Computación de Altas Prestaciones}},
    title = {{Grupo de Computación de Altas Prestaciones}},
    url = {https://portalciencia.ull.es/grupos/6369/detalle},
    author = {{Universidad de La Laguna}},
    note = {\url{https://portalciencia.ull.es/grupos/6369/detalle} [Electronically Available. Accessed April 2024]},
}

@techreport{Portland:2010:PGI,
    author = {{The Portland Group}},
    title = {{PGI Fortran \& C Accelerator Programming Model}},
    institution = {{The Portland Group}},
    year = {2010},
    month = {mar}
}

@ARTICLE{Han:2011:hiCUDA,
  author={Han, Tianyi David and Abdelrahman, Tarek S.},
  journal={{IEEE Transactions on Parallel and Distributed Systems}}, 
  title={{hiCUDA: High-Level GPGPU Programming}}, 
  year={2011},
  volume={22},
  number={1},
  pages={78-90},
  doi={10.1109/TPDS.2010.62}
}


@phdthesis{Reyes:2012:Directive,
  author  = {Reyes Castro, Ruymán},
  title   = {{Directive-based Approach to Heterogeneous Computing}},
  school  = {{Universidad de La Laguna}},
  address = {{La Laguna, Spain}},
  year    = {2012},
  month   = {oct}
}

@article{Viñas:2018:Heterogeneous,
author = {Viñas, M. and Fraguela, B. B. and Andrade, D. and Doallo, R.},
title = {{Heterogeneous distributed computing based on high-level abstractions}},
journal = {{Concurrency and Computation: Practice and Experience}},
volume = {30},
number = {17},
pages = {e4664},
keywords = {data parallelism, distributed computing, heterogeneous computing, OpenCL, programming model, runtime system, HPL},
doi = {https://doi.org/10.1002/cpe.4664},
url = {https://onlinelibrary.wiley.com/doi/abs/10.1002/cpe.4664},
eprint = {https://onlinelibrary.wiley.com/doi/pdf/10.1002/cpe.4664},
note = {e4664 cpe.4664},
year = {2018}
}

@ARTICLE{Dagum:1998:OpenMP,
  author={Dagum, L. and Menon, R.},
  journal={{IEEE Computational Science and Engineering}}, 
  title={{OpenMP: An Industry Standard API for Shared-Memory Programming}}, 
  year={1998},
  volume={5},
  number={1},
  pages={46-55},
  doi={10.1109/99.660313}}


@INPROCEEDINGS{Luecke:2015:Fast,
  author={Luecke, Glenn R. and Weeks, Nathan T. and Groth, Brandon M. and Kraeva, Marina and Ma, Li and Kramer, Luke M. and Koltes, James E. and Reecy, James M.},
  booktitle={{2015 IEEE Trustcom/BigDataSE/ISPA}}, 
  title={{Fast Epistasis Detection in Large-Scale GWAS for Intel Xeon Phi Clusters}}, 
  year={2015},
  volume={3},
  number={},
  pages={228-235},
  doi={10.1109/Trustcom.2015.637}}


@ARTICLE{Agullo:2017:Achieving,
  author={Agullo, Emmanuel and Aumage, Olivier and Faverge, Mathieu and Furmento, Nathalie and Pruvost, Florent and Sergent, Marc and Thibault, Samuel Paul},
  journal={{IEEE Transactions on Parallel and Distributed Systems}}, 
  title={{Achieving High Performance on Supercomputers with a Sequential Task-based Programming Model}}, 
  year={2017},
  volume={},
  number={},
  pages={1-1},
  doi={10.1109/TPDS.2017.2766064}}

@INPROCEEDINGS{Sainz:2014:Leveraging,
  author={Sainz, Florentino and Mateo, Sergi and Beltran, Vicenç and Bosque, Jose L. and Martorell, Xavier and Ayguadé, Eduard},
  booktitle={{2014 IEEE 26th International Symposium on Computer Architecture and High Performance Computing}}, 
  title={{Leveraging OmpSs to Exploit Hardware Accelerators}}, 
  year={2014},
  volume={},
  number={},
  pages={112-119},
  doi={10.1109/SBAC-PAD.2014.26}}

@INPROCEEDINGS{Lawlor:2009:Message,
  author={Lawlor, Orion Sky},
  booktitle={{2009 IEEE International Conference on Cluster Computing and Workshops}}, 
  title={{Message passing for GPGPU clusters: CudaMPI}}, 
  year={2009},
  volume={},
  number={},
  pages={1-8},
  doi={10.1109/CLUSTR.2009.5289129}}

@ARTICLE{Stone:2010:OpenCL,
  author={Stone, John E. and Gohara, David and Shi, Guochun},
  journal={{Computing in Science \& Engineering}}, 
  title={{OpenCL: A Parallel Programming Standard for Heterogeneous Computing Systems}}, 
  year={2010},
  volume={12},
  number={3},
  pages={66-73},
  doi={10.1109/MCSE.2010.69}}

@inproceedings{Kim:2012:SnuCL,
author = {Kim, Jungwon and Seo, Sangmin and Lee, Jun and Nah, Jeongho and Jo, Gangwon and Lee, Jaejin},
title = {{SnuCL: An OpenCL Framework for Heterogeneous CPU/GPU Clusters}},
year = {2012},
isbn = {9781450313162},
publisher = {{Association for Computing Machinery}},
address = {New York, NY, USA},
url = {https://doi.org/10.1145/2304576.2304623},
doi = {10.1145/2304576.2304623},
booktitle = {{Proceedings of the 26th ACM International Conference on Supercomputing}},
pages = {341–352},
numpages = {12},
keywords = {heterogeneous computing, opencl, programming models, clusters},
location = {San Servolo Island, Venice, Italy},
series = {ICS '12}
}

@INPROCEEDINGS{Liang:2011:GridCuda,
  author={Liang, Tyng-Yeu and Chang, Yu-Wei},
  booktitle={{2011 IEEE Workshops of International Conference on Advanced Information Networking and Applications}}, 
  title={{GridCuda: A Grid-Enabled CUDA Programming Toolkit}}, 
  year={2011},
  volume={},
  number={},
  pages={141-146},
  doi={10.1109/WAINA.2011.82}}


@Misc{URL::Google-style,
    key = {{Google Style Guide}},
    title = {{Google Style Guide}},
    url = {https://google.github.io/styleguide/},
    author = {{Google LLC}},
    note = {\url{https://google.github.io/styleguide/} [Electronically Available. Accessed January 2024]},
}

@Misc{URL::CUDA-Guide,
    key = {{CUDA Programming Guide}},
    title = {{CUDA C++ Programming Guide}},
    url = {https://docs.nvidia.com/cuda/cuda-c-programming-guide/index.html},
    author = {{NVIDIA}},
    note = {\url{https://docs.nvidia.com/cuda/cuda-c-programming-guide/index.html} [Electronically Available. Accessed January 2024]},
    year = {2023}
}

@Misc{URL::Codeplay-STL,
    key = {{Codeplay STL}},
    title = {{SYCL Parallel STL}},
    url = {https://github.com/KhronosGroup/SyclParallelSTL},
    author = {{Codeplay and Khronos Group}},
    note = {\url{https://github.com/KhronosGroup/SyclParallelSTL} [Electronically Available. Accessed December 2023]},
    year = {2015}
}

@Misc{URL::NVIDIA-STL,
    key = {{NVIDIA STL}},
    title = {{NVIDIA proposal for a standard parallel algorithms library for ISO C++}},
    url = {https://github.com/n3554/n3554},
    author = {{NVIDIA}},
    note = {\url{https://github.com/n3554/n3554} [Electronically Available. Accessed December 2023]},
    year = {2014}
}

@Misc{URL::Microsoft-STL,
    key = {{Microsoft STL}},
    title = {{Microsoft CodePlex Parallel STL}},
    url = {https://web.archive.org/web/20210127232148/https://archive.codeplex.com/?p=parallelstl},
    author = {{Microsoft}},
    note = {\url{https://web.archive.org/web/20210127232148/https://archive.codeplex.com/?p=parallelstl} [Electronically Available. Accessed December 2023]},
    year = {2014}
}

@techreport{Hoberock:2015:Parallel,
    author = {Hoberock, Jared and Garland, Michael and Giroux, Olivier},
    title = {{Parallel Algorithms Need Executors}},
    institution = {{NVIDIA Corporation}},
    year = {2015},
    note = {\url{https://www.open-std.org/jtc1/sc22/wg21/docs/papers/2015/n4406.pdf} [Electronically Available. Accessed December 2023]},
}

@techreport{Hoberock:2012:Parallelizing,
    author = {Hoberock, Jared and Garland, Michael and Giroux, Olivier and Grover, Vinod and Kapasi, Ujval and Marathe, Jaydeep},
    title = {{Parallelizing the Standard Algorithms Library}},
    institution = {{NVIDIA Corporation}},
    year = {2012},
    note = {\url{https://www.open-std.org/jtc1/sc22/wg21/docs/papers/2012/n3408.pdf} [Electronically Available. Accessed December 2023]},
}

@Misc{URL::SYCL,
    key = {{Khronos SYCL}},
    title = {{SYCL Main Page}},
    url = {https://www.khronos.org/sycl/},
    author = {{The Khronos Group Inc.}},
    note = {\url{https://www.khronos.org/sycl/} [Electronically Available. Accessed November 2023]},
    year = {2014}
}

@manual{URL::SYCL-Specification,
    key = {{SYCL Specification}},
    title = {{SYCL™ 2020 Specification (revision 8)}},
    url = {https://registry.khronos.org/SYCL/specs/sycl-2020/html/sycl-2020.html},
    author = {{The Khronos(R) SYCL(TM) Working Group}},
    organization = {{The Khronos(R) SYCL(TM) Working Group}},
    note = {\url{https://registry.khronos.org/SYCL/specs/sycl-2020/html/sycl-2020.html} [Electronically Available. Accessed April 2024]},
    year = {2023}
}

@Misc{URL::OpenCL,
    key = {{Khronos OpenCL}},
    title = {{OpenCL Main Page}},
    url = {https://www.khronos.org/opencl/},
    author = {{The Khronos Group Inc.}},
    note = {\url{https://www.khronos.org/opencl/} [Electronically Available. Accessed November 2023]},
    year = {2009}
}

@misc{URL::LLVM-DPCPP,
    key = {llvm DPC++},
    title = {{Intel oneAPI DPC++ compiler}},
    url = {https://github.com/intel/llvm},
    author = {{Intel Corporation}},
    note = {\url{https://github.com/intel/llvm} [Electronically Available. Accessed November 2023]},
    year = {2019--2023}
}

@manual{URL::DPCPP-Docs,
    key = {Docs DPC++},
    title = {{DPC++ Documentation}},
    author = {{Intel Corporation}},
    organization = {{Intel Corporation}},
    year = {2023},
    note = {\url{https://intel.github.io/llvm-docs/index.html} [Electronically Available. Accessed November 2023]}
}

@manual{URL::DPCPP-Install,
    key = {DPC++ Documentation},
    title = {{Getting Started with oneAPI DPC++}},
    author = {{Intel Corporation}},
    organization = {{Intel Corporation}},
    year = {2023},
    note = {Electronically Available: \url{https://intel.github.io/llvm-docs/GetStartedGuide.html}}
}

@manual{URL::SYCL-Academy,
    key = {{SYCL Academy}},
    title = {{SYCL Academy}},
    author = {{Codeplay Software Ltd}},
    organization = {{Codeplay Software Ltd}},
    year = {2019--2023},
    note = {Electronically Available: \url{https://github.com/codeplaysoftware/syclacademy}}
}

@inproceedings{Silva:2016:International,
  author={da Silva, Hércules Cardoso and Pisani, Flávia and Borin, Edson},
  booktitle={{2016 International Symposium on Computer Architecture and High Performance Computing Workshops (SBAC-PADW)}}, 
  title={{A Comparative Study of SYCL, OpenCL, and OpenMP}}, 
  year={2016},
  volume={},
  number={},
  pages={61-66},
  doi={10.1109/SBAC-PADW.2016.19}
}

@misc{URL::TFG,
    key = {{Repository TFG}},
    title = {{TFG-SYCL}},
    url = {https://github.com/AdrianoMoreira08/TFG-SYCL},
    author = {dos Santos Moreira, Adriano and de Sande González, Francisco and Cabrera Pérez, Alberto},
    year = {2023--2024},
    note = {\url{https://github.com/AdrianoMoreira08/TFG-SYCL}}
}

@misc{URL::CUDA,
    key = {CUDA Zone},
    title = {{CUDA Library of Resources}},
    url = {https://developer.nvidia.com/cuda-zone},
    author = {{NVIDIA Corporation}},
    year = {2023},
    note = {\url{https://developer.nvidia.com/cuda-zone} [Electronically Available. Accessed March 2024]}
}

@misc{URL::OpenMP,
    key = {OpenMP},
    title = {{The OpenMP API specification for parallel programming}},
    url = {https://www.openmp.org},
    author = {{OpenMP}},
    year = {2023},
    note = {\url{https://www.openmp.org} [Electronically Available. Accessed March 2024]}
}

@INPROCEEDINGS{Assiroj:2018:High,
  author={Assiroj, Priati and Hananto, April Lia and Fauzi, Ahmad and Hendric Spits Warnars, Harco Leslie},
  booktitle={{2018 Indonesian Association for Pattern Recognition International Conference (INAPR)}}, 
  title={{High Performance Computing (HPC) Implementation: A Survey}}, 
  year={2018},
  volume={},
  number={},
  pages={213-217},
  keywords={Graphics processing units;Computational modeling;Analytical models;Computer architecture;Parallel processing;Conferences;Heuristic algorithms;High-Performance Computing (HPC);PRISMA;implementation;Graphic Processing Unit (GPU)},
  doi={10.1109/INAPR.2018.8627040}}


@misc{URL::Slurm,
    key = {Slurm documentation},
    title = {{Slurm workload manager}},
    url = {https://slurm.schedmd.com},
    author = {{SchedMD(R)}},
    year = {2010}
}

%% = = = = = = = = = = = = = = = = = = 

@Misc{URL::licencia,
  title         = {{Licencia Creative CommonsReconocimiento-NoComercial-CompartirIgual 4.0 Internacional}},
  key           = {licencia},
  url           = {https://creativecommons.org/licenses/by-nc-sa/4.0/deed.es_ES},
  note          = {\href{https://creativecommons.org/licenses/by-nc-sa/4.0/deed.es_ES}
                  [Electronically Available.
                  Último acceso, julio de 2023]},
}

@Misc{URL::Github,
  author        = {{Github}},
  title         = {{Repositorio Github}},
  year          = {2008},
  key           = {Github},
  url           = {https://github.com/},
  note          = {\href{https://github.com/}
                  [Electronically Available.
                  Último acceso, julio de 2023]},
}

@Misc{URL::LaTeX,
  title         = {{LaTeX}},
  author        = {{LaTeX3 Project}} ,
  year          = {1985},
  key           = {LaTeX},
  url           = {https://www.latex-project.org/},
  note          = {\href{https://www.latex-project.org/}
                  [Electronically Available.
                  Último acceso, julio de 2023]},
}

@Book{Reinders:2023:Data,
  title={{Data Parallel C++: Programming Accelerated Systems Using C++ and SYCL}},
  author={Reinders, J. and Ashbaugh, B. and Brodman, J. and Kinsner, M. and Pennycook, J. and Tian, X.},
  isbn={978-1-4842-9690-5},
  note = {\url{https://link.springer.com/book/10.1007/978-1-4842-9691-2} [Electronically Available. Accessed November 2023]},
  year={2023},
  publisher={{Apress}}
}

@inproceedings{Fatica:2009:Accelerating,
author = {Fatica, Massimiliano},
title = {{Accelerating Linpack with CUDA on Heterogenous Clusters}},
year = {2009},
isbn = {9781605585178},
publisher = {{Association for Computing Machinery}},
address = {New York, NY, USA},
url = {https://doi.org/10.1145/1513895.1513901},
doi = {10.1145/1513895.1513901},
booktitle = {{Proceedings of 2nd Workshop on General Purpose Processing on Graphics Processing Units}},
pages = {46–51},
numpages = {6},
location = {Washington, D.C., USA},
series = {GPGPU-2}
}

@Inbook{Bose:2011:Power,
author={Bose, Pradip and Padua, David},
title={{Power Wall}},
bookTitle={{Encyclopedia of Parallel Computing}},
year={2011},
publisher={{Springer US}},
address={Boston, MA},
pages={1593--1608},
isbn={978-0-387-09766-4},
doi={10.1007/978-0-387-09766-4_499},
url={https://doi.org/10.1007/978-0-387-09766-4_499}
}

@book{Martin:2009:Clean,
  title = {{Clean Code: A Handbook of Agile Software Craftsmanship}},  
  author = {Martin, Robert C. and Coplien, James O.},
  year = 2009,
  publisher = {{Prentice Hall}},  
  optaddress = {Upper Saddle River, NJ},
  description = {{Clean Code: A Handbook of Agile Software Craftsmanship (Robert C. Martin): Amazon.de: Robert C. Martin: Englische Bücher}},
  isbn = {9780132350884 0132350882},
  keywords = {agile bib books clean_code fs_recommended reading software_craftsmanship},
  biburl = {https://www.bibsonomy.org/bibtex/2e29f9b33e5248487d264ab2675b2fa4d/schmidt2},  
  url = {https://www.amazon.de/gp/product/0132350882/ref=oh_details_o00_s00_i00},  
}

@book{Fox:2014:Parallel,
  title={{Parallel Computing Works!}},
  author={Fox, G.C. and Williams, R.D. and Messina, G.C.},
  isbn={9780080513515},
  url={https://books.google.es/books?id=cg2jBQAAQBAJ},
  year={1994},
  publisher={{Morgan Kaufmann}}
}

@article{Hennessy:2019:New,
author = {Hennessy, John L. and Patterson, David A.},
title = {{A New Golden Age for Computer Architecture}},
year = {2019},
issue_date = {February 2019},
publisher = {{Association for Computing Machinery}},
address = {New York, NY, USA},
volume = {62},
number = {2},
issn = {0001-0782},
url = {https://doi.org/10.1145/3282307},
doi = {10.1145/3282307},
abstract = {{Innovations like domain-specific hardware, enhanced security, open instruction sets, and agile chip development will lead the way.}},
journal = {{Commun. ACM}},
month = {jan},
pages = {48–60},
numpages = {13}
}

@InProceedings{Grillo:2013:PGD,
  author        = {Lucas Grillo and Juan J. Fumero and Ruymán Reyes and Francisco de Sande},
  title         = {{Programming for GPUs: the Directive Based Approach}},
  booktitle     = {{Proceedings of the 2013 Eighth International Conference on P2P, Parallel, Grid, Cloud and Internet Computing}},
  pages         = {612--617},
  year          = {2013},
  editor        = {{Fatos Xhafa et. al.}},
  address       = {Compiègne, France},
  month         = {Oct},
  annote        = {October, 28--30 2012},
  isbn          = {978-0-7695-5094-7},
}

@InProceedings{Grillo:2014:PEO,
  author        = {Lucas Grillo and Ruymán Reyes and Francisco de Sande},
  title         = {{Performance Evaluation of OpenACC Compilers}},
  booktitle     = {{Proc. of the 22nd Euromicro International Conference on Parallel, Distributed, and Network-Based Processing (PDP 2014)}},
  pages         = {656--663},
  year          = {2014},
  address       = {Turín},
  month         = {Feb},
  bib2html_pubtype={Refereed Conference},
  annote     = {February, 12--14 2014},
  isbn       = {978-1-4799-2728-9}
}

@article{Jarvi:2010:CLE,
title = {{C++ lambda expressions and closures}},
journal = {{Science of Computer Programming}},
volume = {75},
number = {9},
pages = {762-772},
year = {2010},
optnote = {{Special Issue on Object-Oriented Programming Languages and Systems (OOPS 2008), A Special Track at the 23rd ACM Symposium on Applied Computing}},
issn = {0167-6423},
doi = {https://doi.org/10.1016/j.scico.2009.04.003},
url = {https://www.sciencedirect.com/science/article/pii/S0167642309000720},
author = {Jaakko Järvi and John Freeman},
keywords = {C++, Closures, Lambda expressions}
}

@book{Gonzalez:2008:Digital,
  author       = {{Rafael C. Gonz{\'{a}}lez and Richard E. Woods}},
  title        = {{Digital image processing, 3rd Edition}},
  publisher    = {{Pearson Education}},
  year         = {2008},
  url          = {https://www.worldcat.org/oclc/241057034},
  isbn         = {9780135052679},
  timestamp    = {Fri, 17 Jul 2020 16:12:42 +0200},
  biburl       = {https://dblp.org/rec/books/lib/GonzalezW08.bib},
  bibsource    = {dblp computer science bibliography, https://dblp.org}
}


@misc{URL::SYCL-Specification-Queue,
    title = {{SYCL Specification: Queue Class}},
    author = {{The Khronos(R) SYCL(TM) Working Group}},
    howpublished = {\url{https://registry.khronos.org/SYCL/specs/sycl-2020/html/sycl-2020.html\#sec:interface.queue.class}},
    year = {2023},
}

@misc{URL::SYCL-Specification-CG,
    title = {{SYCL Specification: SYCL command groups and execution order}},
    author = {{The Khronos(R) SYCL(TM) Working Group}},
    howpublished = {\url{https://registry.khronos.org/SYCL/specs/sycl-2020/html/sycl-2020.html\#sec:command-groups-exec-order}},
    year = {2023},
}

@misc{URL::SYCL-Specification-Device,
    title = {{SYCL Specification: Device selector}},
    author = {{The Khronos(R) SYCL(TM) Working Group}},
    howpublished = {\url{https://registry.khronos.org/SYCL/specs/sycl-2020/html/sycl-2020.html\#sec:device-selector}},
    year = {2023},
}

@misc{URL::SYCL-Specification-Error,
    title = {{SYCL Specification: Queue error handling}},
    author = {{The Khronos(R) SYCL(TM) Working Group}},
    howpublished = {\url{https://registry.khronos.org/SYCL/specs/sycl-2020/html/sycl-2020.html\#sec:interface.queue.errors}},
    year = {2023},
}

@misc{URL::SYCL-Specification-Buffers,
    title = {{SYCL Specification: Buffers}},
    author = {{The Khronos(R) SYCL(TM) Working Group}},
    howpublished = {\url{https://registry.khronos.org/SYCL/specs/sycl-2020/html/sycl-2020.html\#subsec:buffers}},
    year = {2023},
}

@misc{URL::SYCL-Specification-Accessors,
    title = {{SYCL Specification: Accessors}},
    author = {{The Khronos(R) SYCL(TM) Working Group}},
    howpublished = {\url{https://registry.khronos.org/SYCL/specs/sycl-2020/html/sycl-2020.html\#subsec:accessors}},
    year = {2023},
}

@misc{URL::SYCL-Specification-USM,
    title = {{SYCL Specification: Unified shared memory (USM)}},
    author = {{The Khronos(R) SYCL(TM) Working Group}},
    howpublished = {\url{https://registry.khronos.org/SYCL/specs/sycl-2020/html/sycl-2020.html\#sec:usm}},
    year = {2023},
}

@misc{URL::SYCL-Specification-Interface,
    title = {{SYCL Specification: Queue interface}},
    author = {{The Khronos(R) SYCL(TM) Working Group}},
    howpublished = {\url{https://registry.khronos.org/SYCL/specs/sycl-2020/html/sycl-2020.html\#\_queue\_interface}},
    year = {2023},
}

@misc{URL::SYCL-Specification-Single,
    title = {{SYCL Specification: Single task invoke}},
    author = {{The Khronos(R) SYCL(TM) Working Group}},
    howpublished = {\url{https://registry.khronos.org/SYCL/specs/sycl-2020/html/sycl-2020.html\#\_single\_task\_invoke}},
    year = {2023},
}
